This file was created with JabRef 2.1.
Encoding: GB18030

@ARTICLE{Ancona1989,
  author = {M. G. Ancona and G. J. Iafrate},
  title = {{Quantum correction to the equation of state of an electron gas in
	a semiconductor}},
  journal = {Phys. Rev. B},
  year = {May, 1989},
  volume = {39},
  pages = {9536--9540},
  number = {13},
}

@ARTICLE{Ancona1987,
  author = {M. G. Ancona and H. F. Tiersten},
  title = {{Macroscopic physics of the silicon inversion layer}},
  journal = {Phys. Rev. B},
  year = {May, 1987},
  volume = {35},
  pages = {7959--7965},
  number = {15},
}

@ARTICLE{Andrews1970,
  author = {J. M. Andrews and M. P. Lepselter},
  title = {{Reverse Current-Voltage Characteristics of Metal-Silicide Schottky
	Diodes}},
  journal = {Solid-State Electronics},
  year = {1970},
  volume = {13},
  pages = {1011--1023},
}

@ARTICLE{Aste2003,
  author = {Andreas Aste and R. Vahldieck},
  title = {{Time-domain simulation of the full hydrodynamic model}},
  journal = {Int. J. Numer. Model.},
  year = {2003},
  volume = {16},
  pages = {161--174},
}

@MANUAL{ATLAS,
  title = {{http://www.silvaco.com/products/device\_simulation/atlas.html}},
  author = {Silvaco Company},
}

@ARTICLE{Axelrad1998,
  author = {V. Axelrad},
  title = {{Grid Quality and Its Influence on Accuracy and Convergence in Device
	Simulation}},
  journal = {IEEE Trans. Computer-Aided Design},
  year = {1998},
  volume = {17},
  pages = {149--157},
  number = {2},
}

@ARTICLE{Barnes1976,
  author = {J. J. Barnes and R. J. Lomax and G. I. Haddad},
  title = {{Finite-Element Simulation of GaAs MESFET's with Lateral Doping Profiles
	and Sub-Micron Gates}},
  journal = {IEEE Trans. Electron Devices},
  year = {1976},
  volume = {ED-23},
  pages = {1042--1048},
}

@ARTICLE{Brown1990,
  author = {Peter N. Brown and Youcef Saad},
  title = {{Hybrid Krylov methods for nonlinear systems of equations}},
  journal = {SIAM J. Sci. Stat. Comput.},
  year = {1990},
  volume = {11},
  pages = {450--481},
}

@ARTICLE{APML1998,
  author = {Anastasis C.Polycarpou and Constantine A.Balanis},
  title = {{An optimized Anisotropic PML for the Analysis of Microwave Circuits}},
  journal = {IEEE MICROWAVE AND GUIDE WAVE LETTERS},
  year = {1998},
  volume = {8},
  pages = {30--32},
  number = {1},
}

@ARTICLE{Caughey1967,
  author = {D. M. Caughey and R. E. Thomas},
  title = {{Carrier Mobilities in Silicon Empirically Related to Doping and
	Field}},
  journal = {Proc. IEEE},
  year = {1967},
  volume = {55},
  pages = {2192--2193},
}

@BOOK{Cham1986,
  title = {{Computer-Aided Design and VLSI Device Development}},
  publisher = {Kluwer Academic Publishers},
  year = {1986},
  author = {K.M. Cham and S-Y Oh and D. Chin and J.L. Moll},
}

@ARTICLE{Chen2005,
  author = {Ren-Chuen Chen and Jinn-Liang Liu},
  title = {{A quantum corrected energy-transport model for nanoscale semiconductor
	devices}},
  journal = {J. Comput Phys.},
  year = {2005},
  volume = {204},
  pages = {131--156},
}

@INPROCEEDINGS{Chew1993,
  author = {L. Paul Chew},
  title = {{Guaranteed-quality mesh generation for curved surfaces}},
  booktitle = {SCG '93: Proceedings of the ninth annual symposium on Computational geometry},
  year = {1993},
  pages = {274--280},
  address = {New York, NY, USA},
  publisher = {ACM Press},
  doi = {http://doi.acm.org/10.1145/160985.161150},
  isbn = {0-89791-582-8},
  location = {San Diego, California, United States}
}

@ARTICLE{Choi1994,
  author = {Woo-Sung Choi and Jae-Gyung Ahn and Young-June Park},
  title = {{A Time Dependent Hydrodynamic Device Simulator SNU-2D With New Discretization
	Scheme and Algorithm}},
  journal = {IEEE Trans. Computer-Aided Design},
  year = {1994},
  volume = {13},
  pages = {899--908},
  number = {7},
}

@MANUAL{DESSIS,
  title = {{http://www.synopsys.com/products/tcad/sentaurus\_device\_ds.html}},
  author = {Synopsys Company},
}

@ARTICLE{Chynoweth1958,
  author = {A.G. Chynoweth},
  title = {Ionization Rates for Electron and Holes in Silicon},
  journal = {Physical Review},
  volume = {109},
  number = {5},
  pages = {1537-1540},
  year = {1958}
}

@ARTICLE{Crowell1966,
  author = {C. R. Crowell and S. M. Sze},
  title = {{Current Transport in Metal-Semiconductor Barriers}},
  journal = {Solid-State Electronics},
  year = {1966},
  volume = {9},
  pages = {1035--1048},
}

@ARTICLE{Darwish1997,
  author = {M. N. Darwish and J. L. Lentz and M. R. Pinto and P. M. Zeitzoff
	and T. J. Krutsick and H. H. Vuong},
  title = {{An Improved Electron and Hole Mobility Model for General Purpose
	Device Simulation}},
  journal = {IEEE Trans. Electron Devices},
  year = {1997},
  volume = {44},
  pages = {1529--1538},
  number = {9},
}

@ARTICLE{Forghieri1988,
  author = {A. Forghieri and R. Guerrieri and P. Ciampolini and A. Gnudi and
	M. Rudan},
  title = {{A New Discretization Strategy of the Semiconductor Equations Comprising
	Momentum and Energy Balance}},
  journal = {IEEE Trans. Computer-Aided Design},
  year = {1988},
  volume = {CAD-7},
  pages = {231--242},
}

@MANUAL{FreeSnell,
  title = {{http://swiss.csail.mit.edu/~jaffer/FreeSnell/}},
}

@INPROCEEDINGS{Frost2001,
  author = {C. A. Frost and R. J. Focia},
  title = {{Multi-kilovolt Solid-State Picosecond Switch Studies}},
  booktitle = {Digest of Technical Papers},
  year = {2001},
  volume = {1},
  pages = {17--22},
  address = {Las Vegas},
  organization = {Pulsed Power Plasma Science},
}

@MANUAL{CIDER1,
  title = {{Design-Oriented Mixed-level Circuit and Device Simulation}},
  author = {David Alan Gates},
  organization = {{Memorandum No. UCBERL M93/51, Berkeley: University of California}},
  year = {1993},
}

@BOOK{Gear1971,
  title = {{Numerical Initial Value Problems in Ordinary Differential Equations}},
  publisher = {Prentice-Hall},
  year = {1971},
  author = {C. W. Gear},
}

@ARTICLE{Geppert1999,
  author = {L. Geppert},
  title = {{semiconductors. 1999 technology analysis and forecast}},
  journal = {IEEE Spectrum},
  year = {1999},
  volume = {36},
  pages = {52--56},
}

@ARTICLE{Gonzalez:Relax,
  author = {B. Gonzalez and V. Palankovski and H. Kosina and A. Hernandez and
	S. Selberherr},
  title = {{An energy relaxation time model for device simulation}},
  journal = {Solid-State Electronics},
  year = {1999},
  volume = {43},
  pages = {1791--1795},
}

@ARTICLE{Tracing1994,
  author = {R.J.G. Goossens and S.G. Beebe and Yu Zhiping and R.W. Dutton},
  title = {{An Automatic Biasing Scheme for Tracing Arbitrarily Shaped I-V Curves}},
  journal = {IEEE Trans. on Computer-Aided Design},
  year = {March 1994},
  volume = {41},
  pages = {310--317},
}

@ARTICLE{Gummel:1964,
  author = {H. K. Gummel},
  title = {{A self-consistent iterative scheme for one-dimensional steady state
	transistor calculations}},
  journal = {IEEE Trans. Electron Devices},
  year = {1964},
  volume = {11},
  pages = {455--465},
}

@BOOK{WorkFunctions1979,
  title = {{Work Functions of Metals}},
  publisher = {Springer-Verlag},
  year = {1979},
  author = {J. H\"olzl and F. K. Schulte},
}

@ARTICLE{HartenJCP1983,
  author = {Ami Harten},
  title = {{High resolution schemes for hyperbolic conservation laws}},
  journal = {J. Comput Phys.},
  year = {1983},
  volume = {49},
  pages = {357--393},
}

@ARTICLE{HartenSIAM1983,
  author = {Ami Harten and P. D. Lax and Van Leer},
  title = {{On upstream difference and Godunov-type schemes for hyperbolic conservation
	laws}},
  journal = {SIAM Review},
  year = {1983},
  volume = {25},
  pages = {35--61},
}

@ARTICLE{Harten1987,
  author = {Ami Harten and Stanley Osher},
  title = {{Uniformly high-order accurate nonoscillatory schemes}},
  journal = {SIAM Journal on Numerical Analysis},
  year = {April 1987},
  volume = {24},
  pages = {279--309},
}

@ARTICLE{Harten:1986:SRU,
  author = {Ami Harten and Stanley Osher and Bj{\"o}rn Engquist and Sukumar R.
	Chakravarthy},
  title = {{Some results on uniformly high-order accurate essentially nonoscillatory
	schemes}},
  journal = {Applied Numerical Mathematics},
  year = {1986},
  volume = {2},
  pages = {347--377},
  number = {3--5},
  month = oct,
  acknowledgement = {#ack-nhfb#},
  bibdate = {Sat Feb 8 10:09:54 MST 1997},
  coden = {ANMAEL},
  issn = {0168-9274},
  mrclass = {65M20 (65M99)},
  mrnumber = {88g:65089}
}

@BOOK{Hess1987,
  title = {{Modern Aspects of Heterojunction Transport Theory}},
  publisher = {Elsevier Science Publications},
  year = {1987},
  editor = {F. Capasso and G. Margaritondo},
  author = {K. Hess and G. J. Iafrate},
  pages = {469},
}

@ARTICLE{HirtJCP1968,
  author = {C. W. Hirt},
  title = {{Heunstic stability theory for finite difference equations}},
  journal = {J. Compute Phys.},
  year = {1968},
  volume = {2},
  pages = {339--355},
}

@BOOK{JIANMING2002,
  title = {{The Finite Element Method in Electromagnetics, Second Edition}},
  publisher = {A Wiley-Interscience Publication},
  year = {2002},
  author = {JIN JIANMING},
}

@INPROCEEDINGS{Jin2003,
  author = {Seonghoon Jin and Young June Park and Hong Shick Min},
  title = {{A numerically efficient method for the hydrodynamic density-gradient
	model}},
  booktitle = {Simulation of Semiconductor Processes and Devices},
  year = {2003},
}

@ARTICLE{Joyce1977,
  author = {W. B. Joyce and R. W. Dixon},
  title = {{Analytic Approximation for the Fermi Energy of an Ideal Fermi Gas}},
  journal = {Appl. Phys. Lett.},
  year = {1977},
  volume = {31},
  pages = {354--356},
}

@BOOK{Dennis1983,
  title = {{Numerical Methods for Unconstrained Optimization and Nonlinear Equations}},
  publisher = {Prentice-Hall},
  year = {1983},
  author = {J. E. Dennis Jr. and Robert B. Schnabel},
}

@ARTICLE{Mayaram1992,
  author = {Mayaram Kartikeya and Donald O. Pederson},
  title = {{Coupling Algorithms for Mixed-Level Circuit and Device Simulation}},
  journal = {IEEE Trans. Computer-Aided Design},
  year = {1992},
  pages = {1003--1012},
  number = {8},
}

@ARTICLE{Kane1959,
  author = {E.O. Kane},
  title = {Zener Tunneling in Semiconductors},
  journal = {J. Phys. Chem. Solids},
  year = {1959},
  volume = {12},
  pages = {181--188}
}

@ARTICLE{Kato1994IEEE,
  author = {Akira Kato and Mitsutaka Katada and Toyoharu Kamiya and Toyoki Ito
	and Tadashi Hattori},
  title = {{A Rapid, Stable Decoupled Algorithm for Solving Semiconductor Hydrodynamic
	Equations}},
  journal = {IEEE Trans. Computer-Aided Design},
  year = {1994},
  volume = {13},
  pages = {1425--1428},
  number = {11},
}

@ARTICLE{Klaassen1992-1,
  author = {D. B. M. Klaassen},
  title = {{A Unified Mobility Model for Device Simulation - I}},
  journal = {Solid-State Electronics},
  year = {1992},
  volume = {35},
  pages = {953--959},
}

@ARTICLE{Klaassen1992-2,
  author = {D. B. M. Klaassen},
  title = {{A Unified Mobility Model for Device Simulation - II}},
  journal = {Solid-State Electronics},
  year = {1992},
  volume = {35},
  pages = {961--967},
}

@ARTICLE{Laux1985AC,
  author = {S. E. Laux},
  title = {{Techniques for Small-Signal Analysis of Semiconductor Devices}},
  journal = {IEEE Trans. Electron Devices},
  year = {Oct. 1985},
  volume = {ED-32},
  pages = {2028--2037},
}

@ARTICLE{Laux1985IBM,
  author = {Steven E. Laux and Robert G. Byrnes},
  title = {{Semiconductor device simulation using generalized mobility models}},
  journal = {IBM J. Res. Dev.},
  year = {May 1985},
  volume = {29},
  pages = {289--301},
  number = {3},
}

@ARTICLE{Laux1985IEEE,
  author = {Steven E. Laux and Bertrand M. Grossman},
  title = {{A General Control-Volumn Formulation for Modeling Impact Ionization
	in Semiconductor Transport}},
  journal = {IEEE Trans. Computer-Aided Design},
  year = {Octoble 1985},
  volume = {CAD-4},
  pages = {520--526},
  number = {4},
}

@ARTICLE{Lindefelt1994,
  author = {U. Lindefelt},
  title = {{Current-Density Relations for Nonisothermal Modeling of Degenerate
	Heterostructure Devices}},
  journal = {J. Appl. Phys.},
  year = {Jan. 1994},
  volume = {75},
  pages = {958--966},
  number = {2},
}

@ARTICLE{Liou1990,
  author = {J. J. Liou},
  title = {{Modeling the Tunneling Current in Reverse-Biased p/n Junctions}},
  journal = {Solid-State Electronics},
  year = {1990},
  volume = {33},
  pages = {971--972},
}

@ARTICLE{Lombardi1988,
  author = {C. Lombardi and S. Manzini and A. Saporito and M. Vanzi},
  title = {{A Physically Based Mobility Model for Numerical Simulation of Nonplanar
	Devices}},
  journal = {IEEE Trans. Computer-Aided Design},
  year = {1988},
  volume = {7},
  pages = {1164--1170},
  number = {11},
}

@BOOK{Luenberger1984,
  title = {{Linear and Nonlinear Programming}},
  publisher = {Addison-Wesley},
  year = {1984},
  author = {D. G. Luenberger},
  edition = {2nd Edition},
}

@INPROCEEDINGS{Lyumkis2002,
  author = {E. Lyumkis and R. Mickevicius and O. Penzin and B. Polsky and K.
	El Sayed and A. Wettstein and W. Fichtner},
  title = {{Density Gradient Transport Model for the Simulations of Ultrathin,
	Ultrashort SOI under Non-Equilibrium Conditions}},
  booktitle = {IEEE International SOI Conference},
  year = {2002},
}

@ARTICLE{Malgorzata1989,
  author = {C. J. Malgorzata and R. C. Jaeger},
  title = {{BILOW-simulation of low-temperature bipolar device behavior}},
  journal = {IEEE Trans. Electron Devices},
  year = {1989},
  volume = {36},
  pages = {1475--1488},
}

@ARTICLE{manry95higherorder,
  author = {C. Manry and S. Broschat and J. Schneider},
  title = {{Higher-order FDTD methods for large problems}},
  journal = {J. Appl. Comput. Electromag. Soc.},
  year = {1995},
  volume = {10},
  pages = {302--307},
  number = {2},
}

@ARTICLE{Masetti1983,
  author = {G. Masetti and M. Severi and S. Solmi},
  title = {Modeling of Carrier Mobility Against Carrier Concentration in 
	Arsenic-, Phosphorus-, and Boron-Doped Silicon},
  journal = {IEEE Trans. Electron Devices},
  volume = {30},
  number = {7},
  pages = {764-769},
  year = {1983}
}

@ARTICLE{Mari1968,
  author = {A. De Mari},
  title = {{An accurate numerical one-dimensional solution of the p-n junction
	under arbitrary transient conditions}},
  journal = {Solid-State Electronics},
  year = {1968},
  volume = {11},
  pages = {1021--1053},
}

@MANUAL{CODECS1,
  title = {{CODECS: A Mixed-Level Circuit and Device Simulator}},
  author = {Kartikeya Mayaram},
  organization = {{Memorandum No. UCB/ERL M88/71, Berkeley: University of California}},
  year = {1988},
}

@BOOK{McCalla1993,
  title = {{Fundamentals of Computer-Aided Circuit Simulation}},
  publisher = {Boston: Kluwer Academic Publishers},
  year = {1993},
  author = {William J. McCalla},
}

@MANUAL{Md2001,
  title = {{Medici User's Manual}},
  author = {{Avant! Corporation}},
  year = {June, 2001.},
}

@MANUAL{MEDICI,
  title = {{http://www.synopsys.com/products/tcad/taurus\_medici\_ds.html}},
  author = {Synopsys Company},
}

@BOOK{MOCK1983,
  title = {{Analysis of Mathematical Models of Semiconductor Device}},
  publisher = {Dublin:Boole Press},
  year = {1983},
  author = {M. S. Mock},
}

@ARTICLE{mock:597,
  author = {M. S. Mock},
  title = {{An Initial Value Problem from Semiconductor Device Theory}},
  journal = {SIAM Journal on Mathematical Analysis},
  year = {1974},
  volume = {5},
  pages = {597--612},
  number = {4},
  doi = {10.1137/0505061},
  publisher = {SIAM}
}

@ARTICLE{Mock1972,
  author = {M. S. Mock},
  title = {{On equations describing steady-state carrier distributions in a
	semiconductor device}},
  journal = {Comm. Pure Appl. Math.},
  year = {1972},
  volume = {25},
  pages = {781--792},
}

@MANUAL{NGSPICE17,
  title = {{NGSPICE User Manual}},
  author = {Nenzi Paolo},
  address = {http://ngspice.sourceforge.net},
  year = {2005},
}

@MANUAL{PETSC2006,
  title = {{PETSC User's Manual}},
  organization = {Argonne National Laboratory},
  year = {2006},
}

@TECHREPORT{PISCES-II:1984,
  author = {Mark R. Pinto and Conor S. Rafferty and Robert W. Dutton},
  title = {{PISCES-II} - Poisson and Continuity Equation Solver},
  institution = {Stanford Electronics Laboratory, Stanford University},
  year = {1984},
  month = {September},
}

@TECHREPORT{PISCES-II:1985,
  author = {M. R. Pinto and C. S. Rafferty and H. R. Yeager and R. W. Dutton},
  title = {{PISCES-II} - Supplementary Report},
  institution = {Integrated Circuits Laboratory, Stanford University},
  year = {1985},
}

@MANUAL{SPICEMDevice,
  title = {{Adding Devices to SPICE3}},
  author = {Thomas L. Quarles},
  organization = {{Memorandum No. UCB/ERL M89/45. Berkeley: University of California}},
  year = {1989},
}

@MANUAL{SPICEMI,
  title = {{SPICE3 Implementation Guide}},
  author = {Thomas L. Quarles},
  organization = {{Memorandum No. UCB/ERL M89/44, Berkeley: University of California}},
  year = {1989},
}

@INPROCEEDINGS{Rafferty1998,
  author = {C.S. Rafferty and B. Biegel and Z. Yu and M.G. Ancona and J. Bude
	and R.W. Dutton},
  title = {{Multi-dimensional quantum effect simulation using a density-gradient
	model and script-level programming techniques}},
  booktitle = {Proc. SISPAD},
  year = {1998},
  pages = {137--140},
}

@ARTICLE{Roulston1982,
  author = {D. J. Roulston and N. D. Arora and S. G. Chamberlain},
  title = {{Modeling and Measurement of Minority-Carrier Lifetime Versus Doping
	in Diffused Layers of $n^{+}-p$ Silicon Diodes}},
  journal = {IEEE Trans. Electron Devices},
  year = {1982},
  volume = {ED-29},
  pages = {284--291},
}

@INPROCEEDINGS{Rukin2002,
  author = {S. N. Rukin and E. A. Alichkin},
  title = {{SOS/DBD-based solid state switching for ultra-high-power short pulse
	generation}},
  booktitle = {Conference Record of the Twenty-Fifth International Power Modulator
	Symposium and High-Voltage Workshop},
  year = {2002},
  volume = {30},
  pages = {178--182},
  address = {Hollywood},
}

@PHDTHESIS{Sahul1996,
  author = {Zakir Hussain Sahul},
  title = {{Grid and geometry servers for semiconductor process simulation}},
  school = {Stanford University},
  year = {1996},
}

@ARTICLE{Seidman:1980,
  author = {T. I. Seidman},
  title = {{Steady state solutions of diffusion-reactions system with electrostatic
	convection}},
  journal = {Nonlinear Analysis},
  year = {1980},
  volume = {4},
  pages = {623--637},
}

@BOOK{Selberherr1984,
  title = {{Analysis and Simulation of Semiconductor Devices}},
  publisher = {Springer-Verlag},
  year = {1984},
  author = {S. Selberherr},
}

@ARTICLE{Selberherr1984P,
  author = {S. Selberherr},
  title = {{Process and Device Modeling for VLSI}},
  journal = {Microelectron. Reliab.},
  year = {1984},
  volume = {24},
  pages = {225--257},
  number = {2},
}

@INCOLLECTION{shewchuk96b,
  author = {Jonathan Richard Shewchuk},
  title = {{Triangle: {E}ngineering a {2D} {Q}uality {M}esh {G}enerator and
	{D}elaunay {T}riangulator}},
  booktitle = {Applied Computational Geometry: Towards Geometric Engineering},
  publisher = {Springer-Verlag},
  year = {1996},
  volume = {1148},
  pages = {203--222},
  month = may,
}

@MANUAL{ATLASManual,
  title = {{ATLAS User's Manual}},
  author = {SILVACO},
  year = {March 2, 2007},
}

@INPROCEEDINGS{Peter1995,
  author = {Peter Su and Robert L. Scot Drysdal},
  title = {{A Comparison of Sequential Delaunay Triangulation Algorithms}},
  booktitle = {Proceedings of the Eleventh Annual Symposium on Computational Geometry},
  year = {1995},
  pages = {61--70},
  organization = {ACM Press},
}

@TECHREPORT{PISCES-2ET,
  author = {Yu Zhiping and D. Chen and L. So and R. W. Dutton},
  title = {{PISCES-2ET and Its Application Subsystems}},
  institution = {Integrated Circuits Laboratory, Stanford University},
  year = {1994},
}

@TECHREPORT{SEDAN1985,
  author = {Yu Zhiping and R. W. Dutton},
  title = {{SEDAN III - A Generalized Electronic Material Device Analysis Program}},
  institution = {Stanford Electronics Laboratory Technical Report},
  year = {July 1985},
}

@ARTICLE{Slotboom1977,
  author = {J. W. Slotboom},
  title = {{The pn Product in Silicon}},
  journal = {Solid-State Electronics},
  year = {1977},
  volume = {20},
  pages = {279--283},
}

@BOOK{Sze1981,
  title = {{Physics of Semiconductor Devices, 2nd edition.}},
  publisher = {New York: John Wiley \& Sons},
  year = {1981},
  author = {S. M. Sze},
}

@ARTICLE{Tang1984,
  author = {T. W. Tang},
  title = {{Extension of the Scharfetter-Gummel algorithm to the energy balance
	equation}},
  journal = {IEEE Trans. Electron Devices},
  year = {1984},
  volume = {ED-31},
  pages = {1912--1914},
}

@INPROCEEDINGS{Valdinoci1999,
  author = {M. Valdinoci and D. Ventura and M.C. Vecchi and M. Rudan and G. Baccarani
	and F. Illien and A. Stricker and L. Zullino},
  title = {{Impact-ionization in silicon at large operating temperature}},
  booktitle = {International Conference on Simulation of Semiconductor Processes
	and Devices},
  year = {1999},
  month = {Sept.},
}

@BOOK{Weste2005,
  title = {{CMOS VLSI Design: A Circuit and Systems Perspective, Third Edition}},
  publisher = {Pearson Education},
  year = {2005},
  author = {Neil H. E. Weste and David Harris},
}

@PHDTHESIS{WettsteinPhD,
  author = {A. Wettstein},
  title = {{Quantum Effects in MOS Devices}},
  school = {Hartung-Gorre, Karlsruhe},
  year = {2000},
}

@ARTICLE{Wettstein2002,
  author = {A. Wettstein and O. Penzin and E. Lyumkis},
  title = {{Integration of the Density Gradient Model into a General Purpose
	Device Simulator}},
  journal = {VLSI Design},
  year = {2002},
  volume = {15},
  pages = {751--759},
  number = {4},
}

@ARTICLE{Wettstein2001,
  author = {A. Wettstein and A. Schenk and W. Fichtner},
  title = {{Quantum Device-Simulation with the Density Gradient Model on Unstructured
	Grids}},
  journal = {IEEE Trans. Electron Devices},
  year = {Feb. 2001},
  volume = {48},
  pages = {279-284},
  number = {2},
}

@PHDTHESIS{Yang1994,
  author = {Dan X. Yang},
  title = {{Mesh generation and information model for device simulation}},
  school = {Stanford University},
  year = {1994},
}

@ARTICLE{Yeager1986,
  author = {H.R. Yeager and R.W. Dutton},
  title = {{Circuit-simulation models for the high electron-mobility transistor}},
  journal = {IEEE Trans. Electron Devices},
  year = {1986},
  volume = {33},
  pages = {682--692},
}

@ARTICLE{Yee1966,
  author = {K.S. Yee},
  title = {{Numerical solution of initial boundary value problems involving
	Maxwell's equations in isotropic media}},
  journal = {IEEE Trans. Antennas Propagat},
  year = {1966},
  volume = {14},
  pages = {302--307},
}

@TECHREPORT{ZHAO2005T,
  author = {P. ZHAO},
  title = {{Simulating Nanoscale Semiconductor Devices}},
  institution = {Electrical and Computer Engineering Department, North Carolina State
	University},
  year = {2005},
}

@PROCEEDINGS{Zhiping1992,
  title = {{A Modularized, Mixed IC Device/ Circuit Simulation System}},
  year = {April 1992},
  editor = {Yu Zhiping and Robert W. Dutton and Hui Wang},
  address = {Japan},
  organization = {Proceedings of the Synthesis and Simulation Meeting and International
	Exchange},
}


